<?xml version="1.0" encoding="UTF-8"?><collection><record><leader>06530ntm a2200589 a 4500</leader><controlfield tag="001">006806632</controlfield><controlfield tag="003">MiAaHDL</controlfield><controlfield tag="005">20190719000000.0</controlfield><controlfield tag="006">m        d        </controlfield><controlfield tag="007">cr bn ---auaua</controlfield><controlfield tag="008">090603s1174    ua            00| ||ara d</controlfield><datafield tag="035" ind1=" " ind2=" "><subfield code="a">(MiU)006806632</subfield></datafield><datafield tag="035" ind1=" " ind2=" "><subfield code="a">sdr-miu006806632</subfield></datafield><datafield tag="040" ind1=" " ind2=" "><subfield code="a">MiU</subfield><subfield code="c">MiU</subfield><subfield code="e">amremm</subfield></datafield><datafield tag="043" ind1=" " ind2=" "><subfield code="a">n-us-mi</subfield></datafield><datafield tag="100" ind1="1" ind2=" "><subfield code="6">880-01</subfield><subfield code="a">Qarrāb, Isḥāq ibn Ibrāhīm,</subfield><subfield code="d">963-1037 or 8.</subfield></datafield><datafield tag="245" ind1="1" ind2="0"><subfield code="6">880-03</subfield><subfield code="a">Faḍā’il al-ramy fī sabīl Allāh,</subfield><subfield code="f">[ca. 569, i.e. 1174].</subfield></datafield><datafield tag="246" ind1="3" ind2="4"><subfield code="6">880-04</subfield><subfield code="a">Faḍā’il al-ramy</subfield></datafield><datafield tag="260" ind1=" " ind2=" "><subfield code="a">[Alexandria?</subfield><subfield code="c">ca. 1174].</subfield></datafield><datafield tag="300" ind1=" " ind2=" "><subfield code="a">6 leaves :</subfield><subfield code="b">paper ;</subfield><subfield code="c">170 x 130 (130 x 100) mm. bound to 175 x 135 mm.</subfield></datafield><datafield tag="500" ind1=" " ind2=" "><subfield code="a">Shelfmark: Ann Arbor, University of Michigan, Special Collections Library, Isl. Ms. 479</subfield></datafield><datafield tag="500" ind1=" " ind2=" "><subfield code="a">Origin: Lengthy audition statement following the text on fol.6a (p.11) indicates that al-Ḥāfiẓ Abū Ṭāhir al-Silafī heard the text as read by its owner ʻAbd al-Ghanī ibn ʻAbd al-Wāḥid al-Maqdisī [al-Jammāʻīlī] in the presence of other auditors in Alexandria during the first 10th of Dhū al-Qaʻdah 569 [June 1174], thus establishing a firm terminus ante quem for the manuscript's transcription. It was likely copied by ʻAbd al-Ghanī al-Maqdisī not long before the audition, possibly also in Alexandria.</subfield></datafield><datafield tag="500" ind1=" " ind2=" "><subfield code="a">Accompanying materials: a. Inventory cataloguing slip in hand of Winifred Smeaton Thomas. -- b. Acquisitions slip from Yahuda. -- c. Slip with note on one of the dated audition statements (mistaken date conversion).</subfield></datafield><datafield tag="500" ind1=" " ind2=" "><subfield code="a">Former shelfmark: From inscription on inner front cover and lower cover label, "IL 269a" (likely supplied by Yahuda, see acquisitions slip).</subfield></datafield><datafield tag="500" ind1=" " ind2=" "><subfield code="a">Binding: Pasteboards covered in maroon cloth ; Western binding ; pastedowns and flyleaves in blue wove paper ; title gold-stamped on cover ; sewn in heavy white thread, four stations ; covers in excellent condition ; textblock heavily repaired but stable.</subfield></datafield><datafield tag="500" ind1=" " ind2=" "><subfield code="a">Support: non-European (likely Arab) laid paper, quite thick, with 20 horizontal laid lines in 38 mm. ; chain lines very difficult to make out, though at least one pair spaced 10 mm. apart are visible in fol.4 (pp.7-8) ; quite soiled and stained ; several losses and repairs ; some ink burn.</subfield></datafield><datafield tag="500" ind1=" " ind2=" "><subfield code="a">Script: Naskh ; a casually pointed, unvowelled Syrian hand, freely ligatured ; free-standing alifs somewhat wavy, often ending with a left-foot but generally lacking head-serifs ; swooping descenders ; mainly closed counters ; shaddah occasionally marked ; highly ligatured contraction for اخبرنا appears as ابنا with final alif curving back to reach initial alif.</subfield></datafield><datafield tag="500" ind1=" " ind2=" "><subfield code="a">Layout: Written in 17 lines per page.</subfield></datafield><datafield tag="500" ind1=" " ind2=" "><subfield code="a">Collation: i, 3 I(6), i ; perhaps originally a ternion, now repaired to three single bifolia (singulions) ; pagination in pencil, Western numerals, supplied during digitization.</subfield></datafield><datafield tag="500" ind1=" " ind2=" "><subfield code="a">Explicit: "قالا ثنا ابو عميرعيسى بن محمد النحاس ثنا ضمرة بن ربيعة عن الاوزاعي عن يحيى بن سعيد عن سعيد بن المسيب عن ابي ثعلبة الخشني عن النبي صلى الله عليه وسلم انه قال كل ما رد عليك قوسك. اخر الكتاب والحمد لله رب العالمين وصلى الله على رسوله سيدنا المصطفى محمد النبي واله وسلم تسليما وحسبنا الله ونعم الوكيل"</subfield></datafield><datafield tag="500" ind1=" " ind2=" "><subfield code="a">Incipit: "ولا حول ولا قوة الا بالله [العلي العظيم؟] اخبرنا الشيخ الامام الحافظ ابو طاهر احمد بن محمد بن احمد بن محمد بن ابراهيم السلفي [...] ابنا الفقيه ابو عبد الله محمد بن مسعود بن احمد بن شذرة الخطيب [المدني؟] بشهور ستان على مقربة من اصبهان بقرأتي عليه من اصل سماعه في [...] من سنة احدى وتسعين واربع ماية ابنا ابو علي الحسين بن محمد الحسين بن ابي [...] الهروي قرأه عليه بهراة ابنا ابو يعقوب اسحاق بن ابي اسحاق العدل الحافظ ابنا [عبد الله] بن احمد بن حمويه واحمد بن عبد الله بن نعيم قالا ابنا ابو نصر احمد بن محمد بن داسة ثنا [الفضل] بن عبد الله بن عبد الجبار ثنا مالك بن سليمان عن ابراهيم بن طهمان عن محمد بن [زياد] عن ابي هريرة ان رسول الله صلى الله عليه وسلم قال إن الله عز وجل يدخل بالسهم [الواحد] ثلاثة الجنة... "</subfield></datafield><datafield tag="500" ind1=" " ind2=" "><subfield code="a">Title from 'title page' fol.1a (p.1).</subfield></datafield><datafield tag="500" ind1=" " ind2=" "><subfield code="a">Ms. codex.</subfield></datafield><datafield tag="510" ind1="4" ind2=" "><subfield code="a">Ḥājjī Khalīfah. Kashf al-ẓunūn,</subfield><subfield code="c">i 233</subfield></datafield><datafield tag="510" ind1="4" ind2=" "><subfield code="a">Brockelmann, C. GAL,</subfield><subfield code="c">I, 365 ; SI, 619</subfield></datafield><datafield tag="520" ind1="8" ind2=" "><subfield code="a">Fine early copy of the ḥadīth on the excellences of archery with 'title page' (fol.1a/p.1) ascription statement (isnād) beginning with the author and numerous transmission notices (samāʻāt and qirāʼāt). Description provided by Noah Gardiner.</subfield></datafield><datafield tag="538" ind1=" " ind2=" "><subfield code="a">Mode of access: Internet.</subfield></datafield><datafield tag="541" ind1=" " ind2=" "><subfield code="a">Acquired in 1926 from the bookseller Isaac Benjamin S.E. Yahuda via purchase transacted on his behalf by Abraham Shalom Yahuda (1877-1951), his younger brother.</subfield></datafield><datafield tag="546" ind1=" " ind2=" "><subfield code="a">Arabic.</subfield></datafield><datafield tag="561" ind1=" " ind2=" "><subfield code="a">A few marginal corrections ; several transmission notices (see in particular fol.1a/p.1 and fol.6a/p.11 ; notices on fol.2b-3a/pp.4-5 and fol.6b/p.12 are more difficult to make out).</subfield></datafield><datafield tag="650" ind1=" " ind2="0"><subfield code="a">Manuscripts, Arabic</subfield><subfield code="z">Michigan</subfield><subfield code="z">Ann Arbor.</subfield></datafield><datafield tag="650" ind1=" " ind2="0"><subfield code="a">Jihad</subfield><subfield code="v">Early works to 1800.</subfield></datafield><datafield tag="650" ind1=" " ind2="0"><subfield code="a">Archery</subfield><subfield code="x">Religious aspects</subfield><subfield code="x">Islam.</subfield></datafield><datafield tag="650" ind1=" " ind2="0"><subfield code="a">Hadith</subfield><subfield code="v">Texts</subfield><subfield code="v">Early works to 1800.</subfield></datafield><datafield tag="700" ind1="1" ind2=" "><subfield code="6">880-06</subfield><subfield code="a">Jammāʻīlī, ʻAbd al-Ghanī ibn ʻAbd al-Wāḥid,</subfield><subfield code="d">1146-1203.</subfield><subfield code="e">former owner,</subfield><subfield code="e">scribe.</subfield></datafield><datafield tag="700" ind1="1" ind2=" "><subfield code="6">880-05</subfield><subfield code="a">Silafī, Aḥmad ibn Muḥammad,</subfield><subfield code="d">-1180.</subfield></datafield><datafield tag="773" ind1="0" ind2=" "><subfield code="a">Yahuda Collection.</subfield></datafield><datafield tag="880" ind1="1" ind2=" "><subfield code="6">700-06/</subfield><subfield code="a">جمائلي، عبد الغني بن عبد الواحد،</subfield><subfield code="e">مالك سابق،</subfield><subfield code="e">ناسخ.</subfield></datafield><datafield tag="880" ind1="1" ind2=" "><subfield code="6">700-05/</subfield><subfield code="a">سلفي، احمد بن محمد.</subfield></datafield><datafield tag="880" ind1="3" ind2="4"><subfield code="6">246-04/</subfield><subfield code="a">فضائل الرمي</subfield></datafield><datafield tag="880" ind1="1" ind2="0"><subfield code="6">245-03/</subfield><subfield code="a">فضائل الرمي في سبيل الله,</subfield><subfield code="f">[في حدود سنة 569ه، 1174م].</subfield></datafield><datafield tag="880" ind1="1" ind2=" "><subfield code="6">100-01/</subfield><subfield code="a">قراب، اسحاق بن ابراهيم.</subfield></datafield><datafield tag="CID" ind1=" " ind2=" "><subfield code="a">006806632</subfield></datafield><datafield tag="DAT" ind1="0" ind2=" "><subfield code="a">20190719102637.0</subfield><subfield code="b">20190719000000.0</subfield></datafield><datafield tag="DAT" ind1="1" ind2=" "><subfield code="a">20190719090653.0</subfield><subfield code="b">2019-07-19T16:10:26Z</subfield></datafield><datafield tag="DAT" ind1="2" ind2=" "><subfield code="a">2015-10-02T18:00:03Z</subfield></datafield><datafield tag="CAT" ind1=" " ind2=" "><subfield code="a">SDR-MIU</subfield><subfield code="d">EX LIBRIS - ALEPH</subfield><subfield code="l">prepare.pl-004-008</subfield></datafield><datafield tag="FMT" ind1=" " ind2=" "><subfield code="a">BK</subfield></datafield><datafield tag="HOL" ind1=" " ind2=" "><subfield code="0">sdr-miu006806632</subfield><subfield code="a">MiU</subfield><subfield code="b">SDR</subfield><subfield code="c">MIU</subfield><subfield code="p">mdp.39015079127919</subfield><subfield code="s">MIU</subfield><subfield code="1">006806632</subfield></datafield><datafield tag="974" ind1=" " ind2=" "><subfield code="b">MIU</subfield><subfield code="c">MIU</subfield><subfield code="d">20190719</subfield><subfield code="s">lit-dlps-dc</subfield><subfield code="u">mdp.39015079127919</subfield><subfield code="y">1174</subfield><subfield code="r">pd</subfield><subfield code="q">bib</subfield><subfield code="t">non-US bib date1 &lt; 1879</subfield></datafield></record></collection>